@misc{CHINOSAUR:venue,
  author = {@\_CHINOSAUR},
  key = {_CHINOSAUR},
  howpublished = {Tweet},
  title = {"VENUE IS TOO COLD" \#BINGO \#CHI2014},
  month = {May},
  day = 1,
  year = 2014,
  note = {Retrieved Febuary 2, 2015 from \url{
          https://twitter.com/_CHINOSAUR/status/461864317415989248}},
  annote = {Tweet},
}

@misc{supermetroid:snes,
  Address = {Kyoto, Japan},
  Author = {{Nintendo R\&D1} and {Intelligent Systems}},
  Day = {18},
  Howpublished = {Game [SNES]},
  Month = {April},
  Note = {Nintendo, Kyoto, Japan. Played August 2011.},
  Publisher = {Nintendo},
  Title = {\emph{Super Metroid}},
  Year = {1994},
}

@inproceedings{toeplitz,
  author = {Zhang, Xiaoguang and Nie, You-Qi and Liang, Hao and Zhang, Jun},
  booktitle = {2016 IEEE-NPSS Real Time Conference (RT)},
  title = {FPGA implementation of Toeplitz hashing extractor for real time
           post-processing of raw random numbers},
  year = {2016},
  volume = {},
  number = {},
  pages = {1-5},
  keywords = {Field programmable gate arrays;Real-time systems;Data
              mining;Clocks;Data acquisition;Computers;Universal Serial Bus},
  doi = {10.1109/RTC.2016.7543094},
}
